@misc{SUPA-Karagiannis-2015,
  title={{Problem Statement for Simplified Use of Policy Abstractions (SUPA)}},
  author={Georgios Karagiannis and Qiong Sun and Luis M. Contreras and Parviz Yegani and Jean-Francois Tremblay and Jun Bi},
  series={Request for Comments},
  howpublished={work in progress as an internet-draft, draft-karagiannis-supa-problem-statement-06},
  publisher={Internet Engineering Task Force},
  year={2015}
}

@misc{NMRG-Pentikousis-2015,
  title={{Autonomic Networking Definitions Revisited}},
  author={Kostas Pentikousis and Manolis Sifalaki and Jéferson Campos Nobre},
  series={Request for Comments},
  howpublished={work in progress as an internet-draft, draft-pentikousis-nmrg-andr-02},
  publisher={Internet Engineering Task Force},
  year={2015}
}

@misc{NMRG-Nobre-2015,
  title={{Autonomic Networking Use Case for Distributed Detection of SLA Violations}},
  author={Jéferson Campos Nobre and Lisandro Zambenedetti Granville and Alexander Clemm and Alberto Gonzalez Prieto},
  series={Request for Comments},
  howpublished={work in progress as an internet-draft, draft-irtf-nmrg-autonomic-sla-violation-detection-02},
  publisher={Internet Engineering Task Force},
  year={2015}
}

@misc{ID-LMAP-2014,
  title={{Large-Scale Broadband Measurement Use Cases}},
  author={Marc Linsner and Philip Eardley and Trevor Burbridge and Frode Sorensen},
  series={Request for Comments},
  howpublished={work in progress as an internet-draft, draft-ietf-lmap-use-cases-02},
  publisher={Internet Engineering Task Force},
  year={2014}
}            

@misc{OWAMP-Internet2-2014,
    title = {{One-Way Ping (OWAMP)}},
    author={Internet2},
      howpublished={http://software.internet2.edu/owamp/},
}

@inproceedings{P2PBNM-Nobre-2013a,
author = {Jéferson Campos Nobre and Lisandro Zambenedetti Granville and Alexander Clemm and Alberto Gonzalez Prieto},
title={On Using Peer-to-Peer Technology for Decentralized Detection of Service Level Agreement Violations},
booktitle={31st Network Management Research Group Meeting - 1st Workshop on Large Scale Network Measurements},
howpublished={Presentation},
publisher={Internet Research Task Force (IRTF)},
year={2013},
month={September},
}

@inproceedings{P2PBNM-Nobre-2013b,
author = {Jéferson Campos Nobre and Lisandro Zambenedetti Granville and Alexander Clemm and Alberto Gonzalez Prieto},
title={Using Peer-to-Peer to Detect Service Level Agreement Violations},
booktitle={32st Network Management Research Group Meeting -  Autonomics for Network Management},
howpublished={Presentation},
publisher={Internet Research Task Force (IRTF)},
year={2013},
month={November},
}

@misc{METRICS-Stephan-2005,
  author={Stephan, E.},
  title={IP Performance Metrics (IPPM) Metrics Registry},
  series={Request for Comments},
  number={4148},
  howpublished={RFC 4148 (Best Current Practice)},
  publisher={IETF},
  organization={Internet Engineering Task Force},
  year={2005},
  month={August},
}

@misc{ENDTOEND-Dawkins-2001,
  author={Dawkins, S. and Montenegro, G. and Kojo, M . and Magret, V.},
  title={End-to-end Performance Implications of Slow Links},
  series={Request for Comments},
  number={3150},
  howpublished={RFC 3150 (Best Current Practice)},
  publisher={IETF},
  organization={Internet Engineering Task Force},
  year={2001},
  month={July},
}

@misc{ENDTOEND-Dawkins-2001a,
  author={Dawkins, S. and Montenegro, G. and Kojo, M . and Magret, V. and Vaidya, N.},
  title={End-to-end Performance Implications of Links with Errors},
  series={Request for Comments},
  number={3155},
  howpublished={RFC 3155 (Best Current Practice)},
  publisher={IETF},
  organization={Internet Engineering Task Force},
  year={2001},
  month={August},
}

@misc{TWAMP-Hedayat-2008,
  author={Hedayat, K. and Krzanowski, R. and Morton, A. and Yum, K. and Babiarz, J.},
  title={A Two-Way Active Measurement Protocol (TWAMP)},
  series={Request for Comments},
  number={5357},
  howpublished={RFC 5357 (Proposed Standard)},
  publisher={IETF},
  organization={Internet Engineering Task Force},
  year={2008},
  month={October},
}

@misc{IPSLA-Chiba-2013,
author={Chiba, M. S. and Clemm, A. and Medley, S. and  Salowey, J. and Thombare, S. and Yedavall E.},
title={Cisco Service-Level Assurance Protocol},
series={Request for Comments},
number={6812},
howpublished={RFC 6812 (Informational)},
publisher={IETF},
organization={Internet Engineering Task Force},
year={2013},
month={January},
}

@misc{IPFIX-Claise-2008,
author={Claise, B.},
title={Specification of the IP Flow Information Export (IPFIX) Protocol for the Exchange of IP Traffic Flow Information},
series={Request for Comments},
number={5101},
howpublished={RFC 5101 (Standard)},
publisher={IETF},
organization={Internet Engineering Task Force},
year={2008},
month={January},
}

@misc{NETFLOW-Claise-2004,
author={Claise, B.},
title={Cisco Systems NetFlow Services Export Version 9},
series={Request for Comments},
number={3954},
howpublished={RFC 3954 (Informational)},
publisher={IETF},
organization={Internet Engineering Task Force},
year={2004},
month={October},
}


@misc{OWAMP-Shalunov-2006,
  author={Shalunov, S. and Teitelbaum,  B. and Karp, A. and Boote, J. and Zekauskas, M.},
  title={A One-way Active Measurement Protocol (OWAMP)},
  series={Request for Comments},
  number={4656},
  howpublished={RFC 4656 (Proposed Standard)},
  publisher={IETF},
  organization={Internet Engineering Task Force},
  year={2006},
  month={September},
}
